@book{molnar2022,
  title      = {Interpretable Machine Learning},
  author     = {Christoph Molnar},
  year       = {2022},
  subtitle   = {A Guide for Making Black Box Models Explainable},
  edition    = {2},
  url        = {https://christophm.github.io/interpretable-ml-book}
}

@book{mitchell1997machine,
  title={Machine Learning},
  author={Mitchell, T.M.},
  isbn={9780071154673},
  lccn={97007692},
  series={McGraw-Hill International Editions},
  url={https://books.google.com/books?id=EoYBngEACAAJ},
  year={1997},
  publisher={McGraw-Hill}
}

@Article{electronics8080832,
AUTHOR = {Carvalho, Diogo V. and Pereira, Eduardo M. and Cardoso, Jaime S.},
TITLE = {Machine Learning Interpretability: A Survey on Methods and Metrics},
JOURNAL = {Electronics},
VOLUME = {8},
YEAR = {2019},
NUMBER = {8},
ARTICLE-NUMBER = {832},
URL = {https://www.mdpi.com/2079-9292/8/8/832},
ISSN = {2079-9292},
DOI = {10.3390/electronics8080832}
}

@article{miller2019explanation,
title = {Explanation in artificial intelligence: Insights from the social sciences},
journal = {Artificial Intelligence},
volume = {267},
pages = {1-38},
year = {2019},
issn = {0004-3702},
doi = {https://doi.org/10.1016/j.artint.2018.07.007},
url = {https://www.sciencedirect.com/science/article/pii/S0004370218305988},
author = {Tim Miller},
keywords = {Explanation, Explainability, Interpretability, Explainable AI, Transparency},
}

@inproceedings{ribeiro2016should,
  title={" Why should i trust you?" Explaining the predictions of any classifier},
  author={Ribeiro, Marco Tulio and Singh, Sameer and Guestrin, Carlos},
  booktitle={Proceedings of the 22nd ACM SIGKDD international conference on knowledge discovery and data mining},
  pages={1135--1144},
  year={2016},
  doi = {https://doi.org/10.48550/arXiv.1602.04938}
}

@inproceedings{lundberg2017unified,
 author = {Lundberg, Scott M and Lee, Su-In},
 booktitle = {Advances in Neural Information Processing Systems},
 editor = {I. Guyon and U. Von Luxburg and S. Bengio and H. Wallach and R. Fergus and S. Vishwanathan and R. Garnett},
 pages = {},
 publisher = {Curran Associates, Inc.},
 title = {A Unified Approach to Interpreting Model Predictions},
 url = {https://proceedings.neurips.cc/paper_files/paper/2017/file/8a20a8621978632d76c43dfd28b67767-Paper.pdf},
 volume = {30},
 year = {2017}
}

@article{Ribeiro_Singh_Guestrin_2018, title={Anchors: High-Precision Model-Agnostic Explanations}, volume={32}, url={https://ojs.aaai.org/index.php/AAAI/article/view/11491}, DOI={10.1609/aaai.v32i1.11491}, number={1}, journal={Proceedings of the AAAI Conference on Artificial Intelligence}, author={Ribeiro, Marco Tulio and Singh, Sameer and Guestrin, Carlos}, year={2018}, month={Apr.} }